@book{elementsOfNonlinearDynamic,
  author = {Ряшко Л. Б., Васин В. В.},
  year = {2006},
  title = {Элементы нелинейной динамики: от порядка к хаосу}
}